@book{perelomov1998quantum,
  title={Quantum mechanics: selected topics},
  author={Perelomov, Askold M and Zel’dovich, Yakov B},
  year={1998},
  publisher={World Scientific}
}

@article{popov_zero_width_slit,
  author={I. Yu. Popov and S. L. Popova},
  title={Zero-Width Slit Model and Resonances in Mesoscopic Systems},
  journal={EPL (Europhysics Letters)},
  volume={24},
  number={5},
  pages={373},
  url={http://stacks.iop.org/0295-5075/24/i=5/a=009},
  year={1993},
  abstract={The resonance effects in a quantum waveguide connected with a resonator is studied in the framework of the zero-width slits model based on the operator extensions theory approach.}
}

@article{van1991scattering,
  title={Scattering from generalized point interactions using self-adjoint extensions in Pontryagin spaces},
  author={Van Diejen, JF and Tip, A},
  journal={Journal of mathematical physics},
  volume={32},
  number={3},
  pages={630--641},
  year={1991},
  publisher={AIP Publishing}
}

@incollection{dijksma2000self,
  title={Self-adjoint operators with inner singularities and Pontryagin spaces},
  author={Dijksma, Aad and Langer, Heinz and Shondin, Yuri and Zeinstra, Chris},
  booktitle={Operator theory and related topics},
  pages={105--175},
  year={2000},
  publisher={Springer}
}

@article{dijksma2000singular,
  title={Singular point-like perturbations of the Bessel operator in a Pontryagin space},
  author={Dijksma, Aad and Shondin, Yuri},
  journal={Journal of Differential Equations},
  volume={164},
  number={1},
  pages={49--91},
  year={2000},
  publisher={Elsevier},
  language={english}
}

@article{berezin1963models,
  title={О модели Ли},
  author={Березин, Феликс Александрович},
  journal={Математический сборник},
  volume={60},
  number={4},
  pages={425--446},
  year={1963},
  publisher={Российская академия наук, Отделение математических наук}
}

@article{pontryagin1944hermetian,
  title={Эрмитовы операторы в пространстве с индефинитной метрикой},
  author={Понтрягин, Лев Семенович},
  journal={Известия Российской академии наук. Серия математическая},
  volume={8},
  number={6},
  pages={243--280},
  year={1944},
  publisher={Российская академия наук, Отделение математических наук}
}

@incollection{popov1989extension,
  title={The extension theory and diffraction problems},
  author={Popov, I Yu},
  booktitle={Applications of Self-Adjoint Extensions in Quantum Physics},
  pages={218--229},
  year={1989},
  publisher={Springer}
}

@article{popov1992extension,
  title={The extension theory and the opening in semitransparent surface},
  author={Popov, I Yu},
  journal={Journal of mathematical physics},
  volume={33},
  number={5},
  pages={1685--1689},
  year={1992},
  publisher={AIP Publishing}
}

@article{popov1992resonator,
  title={The resonator with narrow slit and the model based on the operator extensions theory},
  author={Popov, I Yu},
  journal={Journal of mathematical physics},
  volume={33},
  number={11},
  pages={3794--3801},
  year={1992},
  publisher={AIP Publishing}
}

@article{popov1993zero,
  title={Zero-width slit model and resonances in mesoscopic systems},
  author={Popov, I Yu and Popova, SL},
  journal={EPL (Europhysics Letters)},
  volume={24},
  number={5},
  pages={373},
  year={1993},
  publisher={IOP Publishing}
}

@book{azizov_krein,
  author={Азизов, Т. Я. and Копачевский, Н. Д.},
  title={Введение в теорию пространств Крейна. Специальный курс лекций.},
  language={russian},
  year={2010},
  publisher={ООО "Форма"},
  url={http://nikolay-d-kopachevsky.com/files/AK2010.pdf} 
}

@book{azizov_pontryagin,
  author={Азизов, Т. Я. and Копачевский, Н. Д.},
  title={Введение в теорию пространств Понтрягина. Специальный курс лекций.},
  language={russian},
  year={2008},
  publisher={ООО "Форма"},
  url={http://nikolay-d-kopachevsky.com/VTPP.pdf} 
}

@article{shondin1995perturbations,
  title={Возмущения на тонких множествах высокой коразмерности эллиптических операторов и теория расширений в пространстве с индефинитной метрикой},
  author={Шондин, Юрий Геннадьевич},
  journal={Записки научных семинаров ПОМИ},
  volume={222},
  number={0},
  pages={246--292},
  year={1995},
  publisher={Санкт-Петербургское отделение Математического института им. ВА Стеклова РАН}
}

@article{kuchment2002graph,
  title={Graph models for waves in thin structures},
  author={Kuchment, Peter},
  journal={Waves in Random Media},
  volume={12},
  number={4},
  pages={R1--R24},
  year={2002},
  publisher={Taylor \& Francis}
}

@article{lobanov2013genetic,
  title={Genetic algorithm for constructing graphene nanoribbon with given electronic transport properties},
  author={Lobanov, IS and Trifanov, AI and Trifanova, ES},
  journal={Nanosystems: Phys. Chem. Math.},
  volume={4},
  year={2013}
}

@article{brown2010analysis,
  title={Analysis on Graphs and its Applications},
  author={Brown, BM and Exner, P and Kuchment, P and Sunada, T},
  journal={Month},
  year={2010}
}

@book{nikol2012treatise,
  title={Treatise on the shift operator: spectral function theory},
  author={Nikol'Skii, Nikolai Kapitonovich},
  volume={273},
  year={2012},
  publisher={Springer Science \& Business Media}
}

TODO: should it even be mentioned?
TODO: diffraction day???
\bibitem{popov_exner70} Popov I.Yu., Popov A.I. {\it 1D model of the Helmholtz resonator}. Manuscript (2016)